<?xml version="1.0" encoding="UTF-8"?><collection xmlns="http://www.loc.gov/MARC21/slim"><record><leader>00350nam--2200145-i-4500</leader><controlfield tag="001">000027904</controlfield><controlfield tag="002">20161230</controlfield><controlfield tag="005">20161230201037</controlfield><controlfield tag="008">060222s1000------------r-----000-0-eng-d</controlfield><datafield ind1=" " ind2=" " tag="080"><subfield code="a">65.01</subfield></datafield><datafield ind1=" " ind2=" " tag="100"><subfield code="a">Lee, Alec M</subfield></datafield><datafield ind1=" " ind2=" " tag="245"><subfield code="a">Applied queueing theory</subfield></datafield><datafield ind1=" " ind2=" " tag="260"><subfield code="a">London, Macmillan, 1966, Xi + 244p</subfield></datafield><datafield ind1=" " ind2=" " tag="490"><subfield code="a">Studies In Management</subfield></datafield><datafield ind1=" " ind2=" " tag="852"><subfield code="a">24646</subfield></datafield></record></collection>